<?xml version="1.0" encoding="UTF-8"?><collection xmlns="http://www.loc.gov/MARC21/slim"><record><leader>00322nam--2200121-i-4500</leader><controlfield tag="001">000002991</controlfield><controlfield tag="002">20161230</controlfield><controlfield tag="005">20161230201025</controlfield><controlfield tag="008">060222s1000------------r-----000-0-eng-d</controlfield><datafield ind1=" " ind2=" " tag="100"><subfield code="a">Clements, Richard</subfield></datafield><datafield ind1=" " ind2=" " tag="245"><subfield code="a">Modern chemical dicoveries</subfield></datafield><datafield ind1=" " ind2=" " tag="260"><subfield code="a">London, Roudledge And Kegan, /1956</subfield></datafield><datafield ind1=" " ind2=" " tag="490"><subfield code="a">Xiii + 290 P.Cu Fig. + 15 Pl</subfield></datafield></record></collection>